<collection xmlns="http://www.loc.gov/MARC21/slim">
<record>
  <leader>00960nam0a22002051i 450 </leader>
  <controlfield tag="001">IT\ICCU\CNCE\051871</controlfield>
  <controlfield tag="005">20010405000000.0</controlfield>
  <datafield tag="100" ind1=" " ind2=" ">
    <subfield code="a">20010323d1575        0itac0103    ba</subfield>
  </datafield>
  <datafield tag="101" ind1=" " ind2=" ">
    <subfield code="a">LAT</subfield>
  </datafield>
  <datafield tag="102" ind1=" " ind2=" ">
    <subfield code="a">IT</subfield>
  </datafield>
  <datafield tag="200" ind1="1" ind2=" ">
    <subfield code="a">Sylva allegoriarum totius sacrae scripturae: mysticos eius sensus &amp; magna etiam ex parte literales complectens sincerae theologiae candidatis perutilis ac necessaria / F. Hieronimo Laureto Cervariensi</subfield>
  </datafield>
  <datafield tag="210" ind1=" " ind2=" ">
    <subfield code="a">Venetiis</subfield>
    <subfield code="c">apud Gasparem Bindonum &amp; Petrum Longum socios</subfield>
    <subfield code="d">1575</subfield>
  </datafield>
  <datafield tag="215" ind1=" " ind2=" ">
    <subfield code="a">2 v.</subfield>
    <subfield code="d">4ʻ</subfield>
  </datafield>
  <datafield tag="620" ind1=" " ind2=" ">
    <subfield code="a">IT</subfield>
    <subfield code="d">Venezia</subfield>
  </datafield>
  <datafield tag="700" ind1=" " ind2="1">
    <subfield code="a">San_Pedro,</subfield>
    <subfield code="b">Jern̤imo : de</subfield>
    <subfield code="3">IT\ICCU\CNCA\009050</subfield>
  </datafield>
  <datafield tag="712" ind1="0" ind2="0">
    <subfield code="a">Bindoni, Gaspare &lt;1.&gt; &amp; Longo, Pietro</subfield>
    <subfield code="3">IT\ICCU\CNCT\002228</subfield>
    <subfield code="4">650</subfield>
  </datafield>
  <datafield tag="790" ind1=" " ind2="0">
    <subfield code="a">Jeronimo</subfield>
    <subfield code="c"> :  de#San Pedro</subfield>
    <subfield code="3">IT\ICCU\CNCA\016288</subfield>
    <subfield code="z">San_Pedro, Jern̤imo : de</subfield>
  </datafield>
  <datafield tag="790" ind1=" " ind2="0">
    <subfield code="a">Hieronymus</subfield>
    <subfield code="c"> : de#San Pedro</subfield>
    <subfield code="3">IT\ICCU\CNCA\016289</subfield>
    <subfield code="z">San_Pedro, Jern̤imo : de</subfield>
  </datafield>
  <datafield tag="801" ind1=" " ind2="3">
    <subfield code="a">IT</subfield>
    <subfield code="b">ICCU</subfield>
    <subfield code="c">20201115</subfield>
  </datafield>
  <datafield tag="899" ind1=" " ind2=" ">
    <subfield code="a">Biblioteca comunale Renato Fucini. Empoli</subfield>
    <subfield code="1">FI0013</subfield>
    <subfield code="2">RT1 MA</subfield>
  </datafield>
</record>
</collection>
